@miscellaneous{Snyder_2018_kaldi-help,
  title={Language identification with x-vectors: Choice of Classifier [Online forum comment]},
  author={David Snyder},
  howpublished="\url{https://groups.google.com/forum/#!topic/kaldi-help/v6Uh7avv-cY}",
  year={2018, December 24}
}

@inproceedings{Snyder_et_al_2018,
  title={Spoken Language Recognition using X-vectors},
  author={Snyder, David and Garcia-Romero, Daniel and McCree, Alan and Sell, Gregory and Povey, Daniel and Khudanpur, Sanjeev},
  booktitle={Proc. Odyssey 2018},
  pages={105--111},
  year={2018}
}

@article{Snyder_et_al_2018b,
  title={X-Vectors: Robust {DNN} Embeddings for Speaker Recognition},
  author={David Snyder and Daniel Garcia-Romero and Gregory Sell and Daniel Povey and Sanjeev Khudanpur},
  journal={2018 IEEE ICASSP},
  pages={5329-5333},
  year={2018}
}

@article{Sarma_et_al_2018,
  title={Language Recognition using Time Delay Deep Neural Network},
  author={Mousmita Sarma and Kandarpa Kumar Sarma and Nagendra Kumar Goel},
  journal={{arXiv}},
  volume={abs/1804.05000},
  year={2018}
}

@article{Ferrer_et_al_2016,
  title={Study of Senone-Based Deep Neural Network Approaches for Spoken Language Recognition},
  author={Luciana Ferrer and Yun Lei and Mitchell McLaren and Nicolas Scheffer},
  journal={IEEE/ACM Transactions on Audio, Speech, and Language Processing},
  volume={24},
  pages={105-116},
  year={2016}
}

@miscellaneous{ivector_tutorial,
  title={Interspeech 2016 tutorial: {Machine} Learning for Speaker Recognition},
  author={Man-Wai Mak and Jen-Tzung Chien},
  journal={Interspeech 2016},
  booktitle={Interspeech 2016},
  year={2016},
  howpublished="\url{http://www1.icsi.berkeley.edu/Speech/presentations/AFRL_ICSI_visit2_JFA_tutorial_icsitalk.pdf}"  
}

@article{Ghahremani_et_al_2014,
  title={A pitch extraction algorithm tuned for automatic speech recognition},
  author={Pegah Ghahremani and Bagher BabaAli and Daniel Povey and Korbinian Riedhammer and Jan Trmal and Sanjeev Khudanpur},
  journal={2014 IEEE ICASSP},
  pages={2494-2498},
  year={2014}
}

@article{Lopez-Moreno_et_al_2014,
  title={Automatic language identification using deep neural networks},
  author={Ignacio Lopez-Moreno and Javier Gonzalez-Dominguez and Oldrich Plchot and David Martinez and Joaqu{\'i}n Gonz{\'a}lez-Rodr{\'i}guez and Pedro J. Moreno},
  journal={2014 IEEE ICASSP},
  pages={5337-5341},
  year={2014}
}

@inproceedings{McCree_2014,
  title={Multiclass discriminative training of i-vector language recognition},
  author={McCree, Alan},
  booktitle={Proc. Odyssey 2014},
  pages={166-172},
  year={2014}
}

@article{Song_et_al_2013,
  author={Y. Song and B. Jiang and Y. Bao and S. Wei and L. Dai}, 
  title={I-vector representation based on bottleneck features for language identification}, 
  journal={Electronics Letters}, 
  volume={49}, 
  number={24}, 
  pages={1569-1570}, 
  year={2013} 
}

@article{Martinez_et_al_2013,
  title={Prosodic features and formant modeling for an ivector-based language recognition system},
  author={David Mart{\'i}nez Gonz{\'a}lez and Eduardo Lleida and Alfonso Ortega and Antonio Miguel},
  journal={2013 IEEE ICASSP},
  pages={6847-6851},
  year={2013}
}

@article{Schultz_et_al_2013,
  title={{GlobalPhone}: A multilingual text \& speech database in 20 languages},
  author={Tanja Schultz and Ngoc Thang Vu and Tim Schlippe},
  journal={2013 IEEE ICASSP},
  pages={8126-8130},
  year={2013}
}

@inproceedings{Martinez_et_al_2011,
  title={Language recognition in {iVectors} space},
  author={Martinez, David and Plchot, Old{\v{r}}ich and Burget, Luk{\'a}{\v{s}} and Glembek, Ond{\v{r}}ej and Mat{\v{e}}jka, Pavel},
  booktitle={Interspeech 2011},
  year={2011}
}

@inproceedings{Povey_et_al_2011,
  author = {Povey, Daniel and Ghoshal, Arnab and Boulianne, Gilles and Burget, Lukas and Glembek, Ondrej and Goel, Nagendra and Hannemann, Mirko and Motlicek, Petr and Qian, Yanmin and Schwarz, Petr and Silovsky, Jan and Stemmer, Georg and Vesely, Karel},
  title = {The {Kaldi} Speech Recognition Toolkit},
  booktitle = {IEEE 2011 Workshop on Automatic Speech Recognition and Understanding},
  publisher = {IEEE Signal Processing Society},
  year = {2011}
}

@article{Dehak_et_al_2011,
  title={Front-End Factor Analysis for Speaker Verification},
  author={Najim Dehak and Patrick Kenny and R{\'e}da Dehak and Pierre Dumouchel and Pierre Ouellet},
  journal={IEEE Transactions on Audio, Speech, and Language Processing},
  volume={19},
  pages={788-798},
  year={2011}
}

@article{Ferrer_et_al_2010,
  title={A comparison of approaches for modeling prosodic features in speaker recognition},
  author={Luciana Ferrer and Nicolas Scheffer and Elizabeth Shriberg},
  journal={2010 IEEE ICASSP},
  pages={4414-4417},
  year={2010}
}

@article{Mary_et_al_2008,
  title={Extraction and representation of prosodic features for language and speaker recognition},
  author={Leena Mary and Bayya Yegnanarayana},
  journal={Speech Communication},
  volume={50},
  pages={782-796},
  year={2008}
}

@article{Lin_et_al_2005,
  title={Language identification using pitch contour information},
  author={Chi-Yueh Lin and Hsiao-Chuan Wang},
  journal={Proc. 2005 IEEE ICASSP},
  volume={1},
  pages={I/601-I/604 Vol. 1},
  year={2005}
}

@inproceedings{Torres-Carrasquillo_et_al_2002,
  title={Approaches to language identification using {Gaussian} mixture models and shifted delta cepstral features},
  author={Pedro A. Torres-Carrasquillo and Elliot Singer and Mary A. Kohler and Richard J. Greene and Douglas A. Reynolds and John R. Deller},
  booktitle={Interspeech 2002},
  year={2002}
}
