@miscellaneous{Snyder_2018_kaldi-help,
  title={Language identification with x-vectors: Choice of Classifier [Online forum comment]},
  author={David Snyder},
  year={2018, December 24},
  month={December},
  day={24},
  howpublished="\url{https://groups.google.com/forum/#!topic/kaldi-help/v6Uh7avv-cY}",
}

@inproceedings{Snyder_et_al_2018,
  title={Spoken Language Recognition using X-vectors},
  author={David Snyder and Daniel Garcia-Romero and Alan McCree and Gregory Sell and Daniel Povey and Sanjeev Khudanpur},
  year={2018}
}

@article{Snyder_et_al_2018b,
  title={X-Vectors: Robust DNN Embeddings for Speaker Recognition},
  author={David Snyder and Daniel Garcia-Romero and Gregory Sell and Daniel Povey and Sanjeev Khudanpur},
  journal={2018 IEEE International Conference on Acoustics, Speech and Signal Processing (ICASSP)},
  year={2018},
  pages={5329-5333}
}

@article{Sarma_et_al_2018,
  title={Language Recognition using Time Delay Deep Neural Network},
  author={Mousmita Sarma and Kandarpa Kumar Sarma and Nagendra Kumar Goel},
  journal={CoRR},
  year={2018},
  volume={abs/1804.05000}
}

@article{Ferrer_et_al_2016,
  title={Study of Senone-Based Deep Neural Network Approaches for Spoken Language Recognition},
  author={Luciana Ferrer and Yun Lei and Mitchell McLaren and Nicolas Scheffer},
  journal={IEEE/ACM Transactions on Audio, Speech, and Language Processing},
  year={2016},
  volume={24},
  pages={105-116}
}

@article{Ghahremani_et_al_2014,
  title={A pitch extraction algorithm tuned for automatic speech recognition},
  author={Pegah Ghahremani and Bagher BabaAli and Daniel Povey and Korbinian Riedhammer and Jan Trmal and Sanjeev Khudanpur},
  journal={2014 IEEE International Conference on Acoustics, Speech and Signal Processing (ICASSP)},
  year={2014},
  pages={2494-2498}
}

@article{Lopez-Moreno_et_al_2014,
  title={Automatic language identification using deep neural networks},
  author={Ignacio Lopez-Moreno and Javier Gonzalez-Dominguez and Oldrich Plchot and David Martinez and Joaqu{\'i}n Gonz{\'a}lez-Rodr{\'i}guez and Pedro J. Moreno},
  journal={2014 IEEE International Conference on Acoustics, Speech and Signal Processing (ICASSP)},
  year={2014},
  pages={5337-5341}
}

@inproceedings{McCree_2014,
  title={Multiclass discriminative training of i-vector language recognition},
  author={McCree, Alan},
  booktitle={Proc. Odyssey},
  pages={166--172},
  year={2014}
}

@article{Song_et_al_2013,
  author={Y. Song and B. Jiang and Y. Bao and S. Wei and L. Dai}, 
  journal={Electronics Letters}, 
  title={I-vector representation based on bottleneck features for language identification}, 
  year={2013}, 
  volume={49}, 
  number={24}, 
  pages={1569-1570}, 
  keywords={}, 
  doi={10.1049/el.2013.1721}, 
  ISSN={0013-5194}, 
  month={November}
}

@article{Martinez_et_al_2013,
  title={Prosodic features and formant modeling for an ivector-based language recognition system},
  author={David Mart{\'i}nez Gonz{\'a}lez and Eduardo Lleida and Alfonso Ortega and Antonio Miguel},
  journal={2013 IEEE International Conference on Acoustics, Speech and Signal Processing},
  year={2013},
  pages={6847-6851}
}

@inproceedings{Povey_et_al_2011,
  author = {Povey, Daniel and Ghoshal, Arnab and Boulianne, Gilles and Burget, Lukas and Glembek, Ondrej and Goel, Nagendra and Hannemann, Mirko and Motlicek, Petr and Qian, Yanmin and Schwarz, Petr and Silovsky, Jan and Stemmer, Georg and Vesely, Karel},
  keywords = {ASR, Automatic Speech Recognition, GMM, HTK, SGMM},
  month = {December},
  title = {The Kaldi Speech Recognition Toolkit},
  booktitle = {IEEE 2011 Workshop on Automatic Speech Recognition and Understanding},
  year = {2011},
  publisher = {IEEE Signal Processing Society},
  location = {Hilton Waikoloa Village, Big Island, Hawaii, US},
  note = {IEEE Catalog No.: CFP11SRW-USB},
}

@article{Ferrer_et_al_2010,
  title={A comparison of approaches for modeling prosodic features in speaker recognition},
  author={Luciana Ferrer and Nicolas Scheffer and Elizabeth Shriberg},
  journal={2010 IEEE International Conference on Acoustics, Speech and Signal Processing},
  year={2010},
  pages={4414-4417}
}

@article{Mary_et_al_2008,
  title={Extraction and representation of prosodic features for language and speaker recognition},
  author={Leena Mary and Bayya Yegnanarayana},
  journal={Speech Communication},
  year={2008},
  volume={50},
  pages={782-796}
}

@article{Lin_et_al_2005,
  title={Language identification using pitch contour information},
  author={Chi-Yueh Lin and Hsiao-Chuan Wang},
  journal={Proceedings. (ICASSP '05). IEEE International Conference on Acoustics, Speech, and Signal Processing, 2005.},
  year={2005},
  volume={1},
  pages={I/601-I/604 Vol. 1}
}

@inproceedings{Torres-Carrasquillo_et_al_2002,
  title={Approaches to language identification using Gaussian mixture models and shifted delta cepstral features},
  author={Pedro A. Torres-Carrasquillo and Elliot Singer and Mary A. Kohler and Richard J. Greene and Douglas A. Reynolds and John R. Deller},
  booktitle={INTERSPEECH},
  year={2002}
}
